%! Author = yichin
%! Date = 2020/07/13

@article{gottlieb(2018),
  title={Sleep deficiency and motor vehicle crash risk in the general population: a prospective cohort study},
  author={Gottlieb, Daniel J and Ellenbogen, Jeffrey M and Bianchi, Matt T and Czeisler, Charles A},
  journal={BMC medicine},
  volume={16},
  number={1},
  pages={44},
  year={2018},
  publisher={BioMed Central}
}

@article{fujiwara(2015),
  title={Epileptic seizure prediction based on multivariate statistical process control of heart rate variability features},
  author={Fujiwara, Koichi and Miyajima, Miho and Yamakawa, Toshitaka and Abe, Erika and Suzuki, Yoko and Sawada, Yuriko and Kano, Manabu and Maehara, Taketoshi and Ohta, Katsuya and Sasai-Sakuma, Taeko and others},
  journal={IEEE Transactions on Biomedical Engineering},
  volume={63},
  number={6},
  pages={1321--1332},
  year={2015},
  publisher={IEEE}
}

@article{tsukada(2012),
  title={Conductive polymer combined silk fiber bundle for bioelectrical signal recording},
  author={Tsukada, Shingo and Nakashima, Hiroshi and Torimitsu, Keiichi},
  journal={PloS one},
  volume={7},
  number={4},
  pages={e33689},
  year={2012},
  publisher={Public Library of Science}
}

@article{kaplan(2015),
  title={Driver behavior analysis for safe driving: A survey},
  author={Kaplan, Sinan and Guvensan, Mehmet Amac and Yavuz, Ali Gokhan and Karalurt, Yasin},
  journal={IEEE Transactions on Intelligent Transportation Systems},
  volume={16},
  number={6},
  pages={3017--3032},
  year={2015},
  publisher={IEEE}
}